@inproceedings{behnezhad2018battlefields,
  title={From battlefields to elections: Winning strategies of blotto and auditing games},
  author={Behnezhad, Soheil and Blum, Avrim and Derakhshan, Mahsa and HajiAghayi, MohammadTaghi and Mahdian, Mohammad and Papadimitriou, Christos H and Rivest, Ronald L and Seddighin, Saeed and Stark, Philip B},
  booktitle={Proceedings of the Twenty-Ninth Annual ACM-SIAM Symposium on Discrete Algorithms},
  pages={2291--2310},
  year={2018},
  organization={SIAM}
}
@article{borel1953theory,
  title={The theory of play and integral equations with skew symmetric kernels},
  author={Borel, Emile},
  journal={Econometrica: journal of the Econometric Society},
  pages={97--100},
  year={1953},
  publisher={JSTOR}
}
@inproceedings{boix2020multiplayer,
  title={The multiplayer colonel blotto game},
  author={Boix-Adser{\`a}, Enric and Edelman, Benjamin L and Jayanti, Siddhartha},
  booktitle={Proceedings of the 21st ACM Conference on Economics and Computation},
  pages={47--48},
  year={2020}
}
@article{roberson2012non,
  title={The non-constant-sum Colonel Blotto game},
  author={Roberson, Brian and Kvasov, Dmitriy},
  journal={Economic Theory},
  volume={51},
  pages={397--433},
  year={2012},
  publisher={Springer}
}
@article{mckelvey1995quantal,
  title={Quantal response equilibria for normal form games},
  author={McKelvey, Richard D and Palfrey, Thomas R},
  journal={Games and economic behavior},
  volume={10},
  number={1},
  pages={6--38},
  year={1995},
  publisher={Elsevier}
}